2161 3681
793 330 1019 371 -19-

141 462 247 505 Gen.
275 477 326 504 10
346 482 357 504 .·
395 463 530 518 Calyx
555 476 576 516 5
601 462 784 517 sepalus
823 460 1021 501 Stamina
1044 464 1212 499 tantum
1236 471 1257 512 5
1280 458 1371 498 basi
1397 464 1598 507 connata,
1624 457 1676 498 si-

223 523 362 562 nubus
401 522 658 563 rotundatis.
707 519 926 560 Utriculus
969 518 1104 559 ovalis
1142 532 1432 572 compressus.
1487 524 1524 557 1⁸
1560 532 1677 571 spec.

221 580 398 622 Semina
417 582 580 635 opaca!
614 581 1074 633 impresso—punctata.
1110 577 1230 618 Folia
1248 576 1461 631 gradatim
1489 576 1676 616 minima.

223 638 367 680 Caulis
379 638 735 689 sub-simpliciter
751 637 956 677 continue
976 651 1185 676 ramosus.
1218 635 1362 689 Spicae
1381 635 1528 675 densae
1547 634 1677 674 semel

223 697 384 747 divisae,
405 696 717 745 determinatae,
730 696 958 749 elongatae,
978 701 1163 749 anguste
1182 693 1395 748 spiciferae
1414 693 1678 742 terminales,

227 755 435 807 (centrale
459 754 656 809 majore),
682 769 895 794 ramorum
920 753 1096 794 tandem
1123 752 1298 793 sessiles
1323 758 1366 792 et
1390 751 1591 791 minores.

281 815 397 856 Axes
448 813 673 859 laterales;
728 812 850 867 apice
896 811 1153 858 brevissimi,
1198 810 1447 851 normaliter
1498 809 1678 858 definiti,

229 887 242 914 1
269 872 373 913 flore
396 871 629 920 terminati,
654 885 789 925 usque
811 885 836 923 9
859 869 987 910 flores
1009 886 1015 917 ;
1054 869 1230 909 floribus
1254 868 1446 917 alternis,
1476 882 1489 908 1
1528 867 1677 916 ternis,

222 931 396 972 tandem
421 929 636 970 solitariis*

278 987 607 1029 Inflorescentia
640 987 860 1028 abnormis
894 987 1008 1042 quod
1032 1001 1135 1027 axes
1159 985 1361 1026 laterales
1385 984 1581 1039 quamvis
1606 984 1679 1024 de-

220 1046 342 1096 finiti,
366 1062 450 1087 non
477 1046 516 1086 in
542 1046 859 1087 trichotomiam
889 1045 1034 1098 (flores
1059 1051 1206 1085 ternos
1231 1059 1267 1084 v.
1292 1043 1573 1098 glomerulos)
1600 1057 1679 1083 cae-

220 1111 357 1145 terum
383 1105 611 1153 normales,
637 1111 859 1145 mutantur
881 1120 918 1144 v.
942 1103 1069 1144 flores
1094 1104 1284 1143 alternos
1317 1108 1488 1156 gerunt.

134 1177 190 1203 aa
223 1162 371 1218 Stylus
389 1163 682 1204 brevissimus.
718 1162 935 1217 Stigmata
959 1175 1030 1213 2-4
1052 1161 1278 1201 filiformia.

139 1226 245 1269 Gen.
272 1242 321 1268 Ι]
342 1246 354 1268 .·
391 1228 685 1269 CHAMISSOA.
720 1227 854 1281 Calyx
874 1239 895 1280 5
919 1226 1108 1280 sepalus.
1142 1225 1340 1266 Stamina
1365 1237 1386 1278 5
1412 1225 1464 1265 ad
1491 1223 1676 1264 medium

220 1292 422 1334 connata,
447 1286 625 1326 sinubus
649 1285 898 1326 lateralibus
931 1291 1156 1325 truncatis.
1205 1283 1426 1324 Utriculus
1461 1282 1676 1337 ellipticus

221 1345 614 1398 sub-compressus.
648 1344 821 1391 Semen,
847 1343 1073 1383 arillatum.
1100 1342 1220 1382 arillo
1253 1356 1413 1396 magno
1446 1341 1678 1394 completo,

221 1403 345 1443 valde
376 1402 854 1457 spongioso-celluloso,
894 1402 1159 1446 succulento,
1183 1400 1423 1454 bi·partito¹
1449 1405 1492 1439 at
1516 1399 1677 1439 clauso.

279 1460 424 1501 Caulis
463 1475 658 1501 ramosus
697 1460 1029 1505 sub-scandens,
1071 1459 1396 1498 suffrutescens
1439 1457 1559 1498 Folia
1581 1472 1677 1511 gra-

221 1519 354 1558 datim
392 1518 727 1559 bracteiformia.
777 1518 894 1558 Axes
932 1518 1135 1557 laterales
1173 1517 1298 1556 valde
1338 1522 1608 1562 accrescunt,
1633 1521 1677 1555 et

222 1576 369 1630 apices
393 1577 661 1625 centralium,
685 1576 861 1616 tandem
887 1575 1118 1629 simplices,
1145 1575 1413 1628 pedunculos
1448 1589 1573 1614 veros
1614 1588 1677 1613 re-

222 1634 426 1681 ferentes,
453 1634 564 1674 inter
588 1649 633 1674 se
664 1633 850 1681 similes;
884 1634 1074 1673 bracteae
1097 1632 1334 1672 indefinitae
1357 1632 1460 1672 flore
1485 1647 1569 1672 non
1595 1638 1679 1672 ter-

221 1692 404 1732 minatae.
435 1692 582 1731 Flores
600 1691 801 1731 laterales
821 1690 993 1731 sessiles
1013 1690 1315 1729 alterne-terni
1334 1690 1432 1729 dein
1458 1703 1479 1729 2
1502 1696 1546 1729 et
1570 1704 1600 1738 1,
1619 1689 1679 1729 sic

221 1749 349 1789 etiam
375 1757 595 1789 mutantur
618 1764 721 1789 axes
746 1749 963 1797 laterales,
983 1748 1082 1787 dum
1108 1754 1391 1787 evanescunt.

133 1821 158 1847 a
221 1806 356 1861 Calyx
379 1814 422 1847 et
446 1807 622 1847 tandem
646 1807 854 1847 utriculus
878 1807 1060 1846 obscure
1085 1806 1216 1845 rufus.
1268 1805 1449 1859 Species
1489 1805 1574 1845 alta
1614 1819 1679 1845 ra-

219 1864 493 1914 mosissima;
526 1865 667 1906 hieme
692 1864 829 1906 floret.

133 1937 188 1964 aa
221 1923 358 1978 Calyx
380 1929 424 1964 et
442 1923 648 1964 utriculus
679 1923 851 1963 virides.
886 1922 1067 1977 Species
1107 1921 1257 1971 minor,
1299 1921 1440 1961 minus
1479 1935 1677 1969 ramosa;

224 1981 327 2035 (non
348 1988 501 2023 exacte
525 1981 808 2034 examinata).

450 2111 709 2152 Sub-tribus
743 2112 944 2152 tertia—
963 2111 1363 2150 EUAMARANTEAE.

223 2203 370 2243 Flores
408 2203 640 2257 polygami.
688 2204 911 2259 Stigmata
940 2217 1011 2255 2-4
1048 2203 1266 2243 filiformia
1301 2203 1484 2244 sessilia.
1533 2203 1678 2258 Spicae

135 2260 386 2301 terminales
410 2275 579 2315 magnae
602 2268 675 2302 aut
698 2262 1013 2311 determinatae,
1053 2267 1127 2301 aut
1165 2261 1531 2302 indeterminatae.
1574 2261 1678 2302 Glo-

136 2319 284 2359 meruli
309 2319 510 2359 laterales
534 2320 793 2369 trichotomi,
822 2320 977 2372 (centri
1013 2319 1147 2359 semel
1172 2319 1359 2371 divisis),
1384 2319 1675 2367 densi-flores,

96 2397 102 2402 ·
134 2377 309 2432 gemini,
332 2377 587 2432 juxtapositi
611 2393 648 2418 v.
673 2378 888 2427 laterales,
909 2385 1060 2418 centro
1084 2377 1179 2431 ipso
1203 2377 1343 2418 axillae
1361 2393 1513 2428 vacuo,
1534 2393 1570 2418 v.
1591 2377 1681 2418 axi-

135 2436 215 2476 bus
240 2435 402 2489 primis,
429 2436 700 2476 deficientes.

217 2492 547 2534 Inflorescentia
584 2494 835 2547 singularis;
862 2494 1119 2549 principium
1156 2500 1279 2535 tenet
1304 2500 1347 2535 et
1373 2494 1624 2548 glomerulis
1657 2507 1679 2535 2

136 2551 364 2606 oppositis,
387 2553 576 2593 bracteis
600 2553 800 2599 suffultis,
832 2567 962 2606 supra
999 2553 1090 2593 basi
1131 2567 1343 2593 ramorum
1385 2552 1492 2601 sitis,
1525 2553 1680 2608 quibus

135 2609 312 2651 tandem
350 2625 482 2660 ramo,
517 2627 549 2651 s.
573 2619 723 2652 centro
748 2611 1006 2657 abortiente,
1041 2611 1144 2652 solis
1169 2618 1410 2658 remanent,
1437 2611 1551 2652 unde
1577 2611 1679 2652 axil-

136 2666 296 2708 laribus
313 2669 498 2723 geminis
521 2676 564 2710 et
586 2669 880 2724 juxtapositis,
902 2669 1106 2711 evadunt.

141 2729 244 2771 Gen.
273 2745 354 2772 12:
390 2733 989 2775 AMARANTUS.-—-Utriculus
1024 2748 1300 2788 compressus
1334 2733 1676 2774 circumscissus.

223 2787 419 2831 Stamina
442 2804 463 2844 5
488 2806 582 2833 raro
607 2806 642 2845 3,
677 2793 837 2839 libera;
873 2791 1009 2846 stylus
1035 2792 1186 2832 nullus.
1221 2792 1410 2846 Embryo
1442 2792 1680 2847 peripheri-

223 2861 312 2887 cus.
349 2847 476 2894 Folia,
503 2850 542 2889 in
568 2851 687 2904 spica
710 2850 1012 2894 determinata.
1037 2850 1077 2890 in
1103 2851 1303 2891 bracteas
1339 2865 1421 2890 non
1460 2850 1680 2891 abeuntia.

280 2905 514 2947 Glomeruli
538 2909 631 2948 basi
656 2909 694 2948 in
737 2909 829 2963 ipsa
868 2908 993 2948 axilla
1031 2908 1208 2962 gemini,
1237 2915 1444 2949 coeterum
1486 2908 1682 2949 solitarii.

222 2963 420 3004 Stamina
444 2978 465 3017 5
490 2967 763 3020 receptaculo
783 2967 958 3011 inserta,
983 2966 1129 3013 libera,
1156 2980 1179 3019 3
1203 2967 1374 3016 fertilia,
1401 2973 1442 3007 et
1469 2980 1490 3007 2
1517 2967 1681 3007 sterilia

221 3022 381 3062 brevia.
416 3022 601 3063 Germen
627 3025 905 3065 rotundatum
945 3039 1258 3078 compressum.
1294 3025 1472 3065 Semina
1496 3032 1591 3066 atra
1619 3025 1682 3064 ni-

222 3079 325 3129 tida,
350 3081 876 3138 rotundato-compressa.
