2161 3681
1046 339 1273 379 ...16-

486 466 698 519 (Bracteae
720 480 742 507 2
766 467 926 507 ultimae
948 468 1025 507 sub
1047 466 1163 516 flore,
1193 466 1418 520 oppositae,
1452 480 1620 515 vacuae;
1654 465 1782 507 flores
1815 467 1922 508 late-

397 523 506 564 rales
529 524 688 565 ultimae
714 525 946 577 (interdum
970 524 1188 576 solitariae)
1216 524 1312 564 ideo
1335 530 1458 564 tanto
1481 538 1524 564 re
1548 537 1650 564 vera
1673 536 1695 564 2
1726 525 1922 565 bractea-

396 588 463 621 tae.
498 581 677 622 Utriculi
709 582 1029 623 indehiscentes
1063 582 1208 636 calyce
1242 581 1424 622 deciduo
1448 581 1745 630 adhaerentes;
1779 581 1921 622 dehis-

396 645 545 679 centes
568 654 606 679 v.
629 639 887 680 circumcirsi
911 639 951 679 in
976 640 1066 680 basi
1096 639 1268 694 calycis,
1303 639 1590 693 persistentis,
1625 646 1919 680 remanentes.

397 695 721 737 Inflorescentia
742 697 871 746 varia,
898 697 1147 752 plerumque
1184 697 1435 747 terminalis,
1470 703 1513 737 et
1546 711 1630 737 non
1666 697 1922 750 composita.

398 753 670 795 Ramificatio
708 755 856 795 ultima
886 754 1073 795 lateralis
1108 755 1309 803 definita;
1343 762 1416 795 aut
1453 754 1580 795 flores
1619 754 1811 810 solitarii,
1851 760 1926 795 aut

396 812 519 860 terni,
543 819 616 852 aut
637 811 861 866 glomeruli
885 812 1128 852 trichotomi
1149 828 1155 852 :
1184 812 1434 865 (dichotomi
1459 827 1553 852 curn
1574 811 1678 854 flore
1702 812 1742 852 in
1768 812 1921 866 punta)

396 869 745 910 Amarantaceae.

709 984 969 1026 Sub-tribus
990 986 1144 1039 prima
1159 1009 1215 1015 —
1229 984 1614 1027 EUGOMPHRENAE

482 1083 689 1124 Antherae
730 1084 944 1137 elongatae
976 1083 1162 1124 lineares
1197 1084 1495 1135 uniloculares,
1530 1085 1671 1126 medio
1703 1086 1831 1126 dorso
1865 1085 1925 1126 af-

398 1141 505 1180 fixae.

399 1198 524 1253 Legio
540 1200 720 1252 prima:
746 1198 894 1238 Tubus
917 1198 1209 1239 staminiferus
1231 1200 1409 1254 longior,
1431 1200 1644 1240 interdurn
1664 1200 1787 1255 apice
1806 1215 1927 1241 exer-

482 1262 565 1299 tus.
604 1269 650 1295 10
685 1256 902 1305 dentatus,
936 1256 1114 1296 sinubus
1150 1257 1328 1297 alternis
1364 1257 1663 1307 antheriferis;
1706 1258 1927 1299 filamenta

488 1326 547 1362 10,
572 1313 751 1363 furcata,
787 1314 962 1353 omnino
1000 1321 1199 1363 connata,
1239 1315 1405 1354 alterne
1447 1315 1698 1355 ananthera.
1732 1315 1927 1356 Bracteae

483 1370 748 1410 secundariae
766 1371 1088 1420 carinoformes,
1109 1386 1225 1425 saepe
1242 1372 1379 1421 alatae;
1399 1373 1586 1412 bracteae
1602 1372 1814 1426 primariae
1832 1388 1926 1427 per-

482 1427 698 1477 sistentes,
725 1435 822 1482 post
851 1429 1016 1483 lapsum
1041 1429 1224 1483 calycis;
1258 1429 1524 1470 secundariae
1546 1430 1717 1484 quidem
1750 1430 1925 1471 tandem

481 1499 505 1525 a
537 1485 682 1539 calyce
715 1486 877 1534 solutae,
902 1487 977 1526 sed
1001 1486 1095 1540 ejus
1119 1487 1406 1527 adhaerentes.

482 1542 604 1583 Calix
626 1543 717 1583 basi
742 1544 875 1583 dense
894 1544 1077 1585 lanatus.
1116 1544 1439 1599 (Gomphrenae,
1471 1545 1611 1597 Linn.)

396 1619 430 1652 a.
480 1611 647 1666 Stigma
672 1613 929 1653 subulatum.

483 1669 699 1724 Stigmata
725 1683 761 1719 2,
787 1670 1002 1710 rarissime
1023 1684 1058 1723 3,
1084 1672 1296 1719 subulata,
1322 1672 1478 1726 stylum
1503 1671 1712 1726 longiora.

401 1727 505 1767 Gen.
541 1741 581 1768 J:
617 1727 861 1781 Capitulum
890 1728 1148 1781 (antodium)
1177 1729 1421 1779 maximum,
1448 1729 1646 1782 planum:
1672 1728 1804 1770 ROSA
1838 1739 1927 1769 DEL

483 1784 663 1833 CAMPo,
686 1792 793 1838 spec.

402 1841 505 1882 Gen.
540 1854 562 1881 2
582 1859 594 1881 .·
632 1841 778 1882 Flores
802 1842 993 1896 capitati,
1017 1843 1083 1882 vel
1107 1843 1283 1883 tandem
1308 1843 1462 1897 spicati
1485 1877 1491 1883 .

397 1914 422 1939 a
485 1898 685 1952 Capitula
723 1899 892 1939 sessilia
928 1906 1093 1940 tantum
1136 1900 1390 1950 terminalia,
1434 1900 1531 1941 ideo
1569 1900 1662 1941 basi
1701 1913 1737 1951 2,
1762 1900 1924 1955 phylla;

484 1956 583 1996 folia
608 1968 630 1996 2
655 1957 732 1996 sub
756 1957 943 2010 capitulo
968 1958 1061 1997 sita.

398 2028 451 2054 aa
486 2013 687 2068 Capitula
710 2014 879 2068 aphylla
898 2015 1077 2063 sessilia,
1098 2029 1130 2054 s.
1152 2015 1383 2069 pedunculi
1402 2015 1617 2055 centrales
1647 2021 1689 2055 et
1709 2015 1927 2056 laterales.

483 2071 601 2111 Folia
623 2070 786 2111 floralia
805 2073 986 2126 abrupte
1010 2086 1153 2126 parva,
1189 2072 1325 2126 magis
1358 2072 1670 2126 approximata.
1705 2087 1729 2112 a
1761 2073 1920 2113 ceteris

482 2135 659 2168 remota.
693 2128 829 2183 Calyx
852 2136 895 2169 et
918 2130 1104 2170 bracteae
1127 2129 1332 2170 differunt
1356 2130 1396 2169 in
1422 2145 1537 2184 spec.
1559 2130 1708 2183 prima.

402 2185 506 2227 Gen.
528 2199 555 2239 3
573 2204 585 2226 .·
623 2186 790 2226 Dentes
815 2186 904 2226 tubi
923 2187 1167 2236 staminum,
1188 2187 1348 2227 exserti
1373 2187 1604 2241 patentes?
1631 2187 1786 2240 (genus
1809 2202 1834 2227 a
1862 2201 1928 2227 me

484 2258 567 2284 non
601 2245 712 2284 bene
739 2244 1042 2293 examinatum,
1067 2245 1177 2284 sorte
1201 2259 1283 2284 non
1319 2244 1550 2298 propium).
1601 2243 1930 2286 Inflorescentia

484 2315 509 2341 a
531 2301 686 2341 ceteris
709 2301 832 2341 valde
863 2301 1046 2342 diversa.
1087 2302 1205 2342 Folia
1242 2301 1405 2342 floralia
1446 2302 1578 2342 multo
1612 2302 1793 2352 minora,
1831 2317 1927 2342 sen-

485 2358 562 2398 sim
597 2359 894 2398 decrescentia
918 2359 1029 2399 inter
1060 2374 1119 2409 se,
1157 2368 1212 2407 et,
1248 2360 1300 2399 ab
1338 2359 1485 2399 inferis
1526 2359 1661 2413 magis
1700 2359 1923 2409 confertis,

485 2416 607 2455 valde
631 2422 807 2456 remota.
853 2416 1084 2457 Glomeruli
1108 2417 1282 2457 sessiles
1307 2417 1484 2466 definiti,
1509 2417 1718 2466 axillares,
1742 2417 1918 2456 tandem

485 2487 568 2513 non
594 2473 802 2527 esplicati,
827 2474 988 2528 absque
1012 2474 1206 2515 centrali.
1251 2474 1394 2515 Caulis
1418 2474 1613 2528 simplex,
1638 2475 1928 2516 albo-tomen-

485 2537 641 2571 tosum.

402 2602 472 2634 aa
490 2593 658 2648 Stigma
680 2594 931 2647 capitatum.

406 2651 510 2692 Gen.
542 2666 597 2704 4:
637 2653 849 2700 PFAFFIA,
878 2652 1003 2692 Mart.
1040 2653 1274 2693 Character
1303 2652 1606 2706 Gomphrenae,
1629 2653 1682 2692 ab
1706 2651 1927 2706 stigmate,

487 2709 696 2749 diversus.
758 2710 944 2763 Capituli
987 2710 1025 2750 in
1072 2711 1191 2760 meis,
1234 2711 1362 2764 longe
1408 2709 1699 2764 pedunculati,
1744 2709 1928 2764 ideoque

488 2767 659 2821 aphylli.
693 2766 836 2807 Caulis
852 2767 1009 2821 saepius
1032 2782 1238 2818 ramosus,
1288 2782 1321 2806 »ο
1345 2767 1619 2821 capitulatus,
1644 2775 1687 2808 et
1710 2767 1812 2808 folia
1832 2782 1929 2822 gra-

488 2824 618 2863 datim
656 2824 843 2863 minima.

403 2895 428 2921 a
489 2881 657 2935 Stigma
671 2882 791 2921 ovale
811 2882 1043 2922 lateraliter
1060 2896 1368 2936 compressum,
1385 2882 1529 2922 clause
1545 2882 1691 2922 fissum
1709 2882 1928 2932 lateribus,

488 2939 594 2988 basi,
618 2939 945 2992 emarginatum.
980 2939 1127 2994 Stylus
1150 2939 1444 2980 brevissimus.

404 3010 458 3035 aa
490 2996 660 3050 Stigma
681 2996 1046 3050 semi-globosum,
1071 2998 1299 3052 integrum,
1323 2997 1414 3037 basi
1438 3003 1698 3038 truncatum.

406 3054 428 3092 b
487 3053 656 3107 Stigma
678 3054 841 3094 sessile.
884 3053 1101 3105 Ovarium,
1130 3055 1201 3108 (an
1226 3054 1355 3095 etiam
1381 3054 1632 3108 utriculus?)
1659 3059 1845 3109 anguste
1869 3054 1926 3094 el-

490 3110 696 3165 lipticum.
