2161 3681
1061 254 1325 294 -178-

416 380 485 425 15O
517 375 950 417 REICHEMBACHIA,
987 369 1193 423 Spreng.

526 431 786 472 Bracteolae
821 444 946 470 rarae
978 430 1186 481 lineares,
1220 429 1356 480 calyx
1388 428 1513 481 apice
1551 437 1570 478 5
1599 429 1824 469 dentatus.
1862 428 1961 469 Sta-

587 490 706 530 mina
752 500 823 539 2-4
867 503 978 537 raro,
1025 487 1222 530 inclusa!
1276 487 1432 539 Stylus
1472 488 1666 528 inclusus
1705 487 1960 537 subnullus;

581 550 750 600 stigma
783 547 1132 601 pennicillatum.
1167 546 1398 587 Suffrutex
1431 546 1741 594 alternifolius,
1780 546 1963 586 floribus

586 607 796 660 cymosis,
819 607 1066 647 numerosis
1088 606 1368 655 tomentosis,
1397 605 1629 658 pedicellis
1656 605 1961 647 bracteolatis.

814 722 1129 764 SUB-ORDO
1163 736 1204 764 2.
1238 722 1564 763 PISONJAE

524 844 725 895 Embryo
759 849 920 883 rectus.
954 841 1262 894 Cotyledones
1295 842 1579 893 augustiores
1614 842 1656 882 in
1685 841 1839 881 tubum
1873 842 1962 893 (cy-

582 902 792 954 lindrum)
827 902 918 941 fere
952 902 1149 941 clausum
1183 901 1423 950 involutae,
1458 902 1529 941 vel
1562 900 1838 953 marginibus
1870 899 1963 940 val-

585 962 639 1002 de
674 960 1091 1008 inflexo-involutis,
1129 960 1238 999 rima
1271 960 1434 1010 clausa,
1466 961 1737 1013 inaequales,
1764 959 1964 999 exterior

583 1022 682 1061 basi
727 1021 915 1072 longior,
962 1034 1001 1060 v.
1054 1019 1231 1071 longius
1275 1019 1441 1068 lobata,
1491 1020 1687 1059 radicula
1738 1018 1962 1059 interdum

583 1080 829 1121 occultans.
881 1078 1102 1119 Radicula
1149 1078 1296 1117 brevis
1341 1077 1414 1117 vel
1462 1078 1739 1119 brevissima.
1804 1077 1963 1118 Flores

582 1140 763 1192 saepius
809 1139 956 1188 dioici,
998 1145 1042 1179 et
1095 1144 1187 1176 tum
1233 1137 1582 1189 heteromorphi.
1659 1136 1806 1188 Calyx
1840 1142 1962 1176 totus

582 1199 842 1251 persistens.
895 1197 1110 1238 Gemmae
1157 1196 1376 1237 floriferae
1428 1197 1604 1237 adsunt.
1657 1195 1869 1236 Gemmae
1918 1195 1962 1234 in

583 1271 668 1298 una
703 1258 852 1297 saltim
886 1257 1052 1308 specie,
1089 1256 1265 1307 3—juxta
1299 1256 1473 1308 positae
1508 1255 1729 1303 laterales,
1759 1255 1796 1294 si
1830 1254 1962 1293 inter·

582 1317 742 1357 nodius
790 1316 1021 1363 abortitur,
1070 1316 1142 1354 vel
1176 1315 1219 1354 in
1266 1328 1432 1355 ramum
1480 1315 1789 1354 brevissimam
1824 1326 1962 1366 saepe

583 1376 822 1428 globosum
862 1386 928 1414 1-2
970 1374 1171 1427 phyllum
1213 1380 1493 1422 excrescunt,
1547 1374 1619 1414 Vel
1664 1379 1732 1414 est
1782 1385 1963 1424 gemma

580 1435 777 1475 florifera
810 1440 983 1474 tantum
1019 1435 1061 1474 in
1093 1433 1247 1485 spinas
1294 1446 1535 1485 praecoces
1580 1439 1752 1472 mutata
1796 1431 1854 1471 ad
1900 1444 1964 1471 ra·

581 1508 699 1534 mum
733 1493 977 1534 normalem
1006 1493 1207 1545 ejusdem
1232 1492 1397 1532 axillae
1433 1492 1535 1533 ideo
1571 1493 1732 1532 desunt
1765 1497 1809 1530 et
1837 1491 1961 1543 ipsae

582 1566 821 1606 numquam
855 1553 898 1592 in
932 1553 1146 1592 ramulum
1180 1558 1514 1592 excrescuntur.
1544 1551 1674 1591 Rami
1702 1550 1866 1592 adsunt
1899 1562 1964 1589 as·

580 1619 712 1665 pectu
747 1612 947 1665 simplice
969 1613 1044 1664 qui
1077 1611 1328 1651 stationarii
1350 1617 1464 1660 sunt,
1490 1624 1571 1651 nec
1604 1611 1718 1650 ultra
1753 1623 1799 1650 se
1822 1608 1963 1648 dividi

579 1679 792 1724 possunt;
828 1672 901 1711 ubi
927 1671 1082 1711 ramuli
1115 1670 1326 1711 laterales
1360 1669 1752 1711 tuberculiformes
1779 1674 1823 1708 et
1857 1668 1959 1708 ideo

580 1744 668 1770 non
702 1731 953 1783 gemmiferi
986 1736 1100 1779 sunt,
1137 1729 1208 1769 vel
1247 1743 1344 1769 cum
1380 1730 1586 1781 geminae
1634 1729 1796 1770 adsunt
1843 1726 1959 1767 flori-

580 1790 714 1839 ferae,
749 1791 821 1830 vel
860 1791 1021 1842 ubique
1068 1791 1135 1828 vel
1183 1802 1281 1828 cum
1327 1789 1462 1829 ramis
1507 1788 1594 1827 illis
1640 1786 1959 1827 abnormaliter

579 1850 764 1889 mixtae.

519 1908 678 1948 LEGIO
714 1907 982 1959 2³.—Calyx
1008 1920 1095 1946 non
1129 1907 1396 1946 constrictus
1429 1911 1552 1944 tctus
1586 1904 1843 1957 persistens,
1868 1910 1960 1944 tan-

579 1967 680 2006 dem
715 1967 942 2006 coriaceus
975 1966 1113 2005 limbo
1147 1965 1307 2005 iterum
1355 1964 1505 2004 clauso
1547 1971 1589 2003 et
1624 1963 1756 2003 valde
1791 1963 1959 2015 plicato

577 2025 844 2067 stelliformi.
891 2025 1047 2077 Stylus
1081 2031 1203 2065 totus
1236 2023 1494 2076 persistens.
1545 2022 1746 2063 Stamina
1778 2021 1877 2062 basi
1909 2020 1960 2060 li-

578 2085 686 2125 bera
719 2098 760 2124 v.
796 2085 875 2124 vix
909 2084 1087 2125 coalita.
1122 2083 1282 2123 Flores
1315 2082 1549 2135 polygami
1578 2081 1800 2129 videntur,
1836 2079 1961 2120 steri-

578 2145 642 2184 les
677 2144 875 2196 capitati,
911 2157 934 2184 e
968 2142 1269 2191 trichotomia,
1305 2141 1381 2182 axi
1416 2141 1638 2180 communi
1670 2140 1769 2181 basi
1803 2139 1960 2179 articu-

578 2203 683 2251 lato,
721 2203 926 2243 deciduo.

407 2263 476 2302 16Ο
510 2262 726 2313 PISQNIA,
760 2262 916 2302 Plum.

519 2320 671 2374 Calyx
703 2322 908 2362 minimus
944 2320 1104 2360 limbro
1149 2319 1278 2360 brevi
1314 2319 1548 2369 5·dentato
1589 2307 1633 2373 ὦ
1672 2317 1809 2369 calyx
1843 2329 1959 2357 cam-

578 2379 829 2434 panulatus;
864 2380 1055 2421 stamina
1100 2380 1174 2420 68
1211 2392 1309 2419 raro
1345 2379 1450 2419 8-10
1484 2383 1665 2417 exserta
1705 2375 1961 2428 inaequalia

575 2441 673 2480 basi
707 2441 787 2479 vix
821 2439 984 2480 coalita
1019 2439 1232 2479 antherae
1268 2437 1426 2478 loculis
1461 2436 1705 2488 sejunctae.
1737 2432 1782 2498 Q
1810 2433 1960 2487 Calyx

577 2499 863 2552 cylindricus.
897 2498 1170 2538 Rudimenta
1204 2497 1397 2537 stamina
1430 2496 1547 2536 circa
1581 2495 1794 2534 ovarium.
1842 2492 1962 2534 Ova-

579 2560 689 2598 rium
712 2558 987 2610 elongatum.
1010 2556 1188 2609 Stylum
1209 2557 1325 2608 apici
1349 2554 1540 2595 laterali.
1574 2553 1751 2606 Stigma
1773 2553 1959 2603 divisus,

577 2631 674 2658 raro
709 2618 752 2657 in
792 2618 994 2657 acumine
1042 2629 1196 2669 pauca,
1237 2615 1416 2668 saepius
1460 2614 1503 2654 in
1548 2613 1698 2666 plures
1743 2611 1961 2666 penicilli-

576 2677 836 2717 fimbriatus.
870 2676 1061 2716 Fructus
1095 2675 1279 2728 (calyx),
1314 2687 1429 2714 nunc
1462 2672 1739 2725 cylindricus
1778 2671 1960 2724 elonga-

576 2743 661 2785 tus,
696 2735 824 2788 apice
856 2735 995 2775 limbo
1030 2735 1198 2787 patulo,
1235 2733 1463 2774 coriaceus
1495 2746 1534 2772 V.
1577 2732 1846 2779 induratum,
1882 2743 1959 2783 cy-

577 2795 830 2835 lindraceus
863 2808 904 2834 V.
944 2800 1243 2847 pentagonus
1279 2792 1483 2834 Arbores
1516 2805 1554 2832 v,
1606 2790 1804 2839 frutices,
1839 2789 1962 2831 foliis

578 2854 800 2907 oppositis
821 2867 860 2894 ν.
883 2853 1062 2906 sparsiS,
1086 2851 1320 2893 sessilibus
1333 2865 1374 2891 v.
1390 2850 1621 2904 petiolatis
1645 2849 1961 2902 integerrimis.
